<collection xmlns="http://www.loc.gov/MARC21/slim">
<record>
  <leader>03647nam0a2200577 i 450 </leader>
  <controlfield tag="001">IT\ICCU\CNCE\001120</controlfield>
  <controlfield tag="005">20071220000000.0</controlfield>
  <datafield tag="012" ind1=" " ind2=" ">
    <subfield code="a">1819 8787 p-am tusi (3) 1573 (R)</subfield>
    <subfield code="2">fei</subfield>
  </datafield>
  <datafield tag="100" ind1=" " ind2=" ">
    <subfield code="a">19970101d1573        0itac0103    ba</subfield>
  </datafield>
  <datafield tag="101" ind1=" " ind2=" ">
    <subfield code="a">LAT</subfield>
  </datafield>
  <datafield tag="102" ind1=" " ind2=" ">
    <subfield code="a">IT</subfield>
  </datafield>
  <datafield tag="200" ind1="1" ind2=" ">
    <subfield code="a">℗Alexandri Tralliani medici absolutissimi ℗Libri duodecim. Razae De pestilentia libellus. Per Ioannem Guinterium Andernacum, de Graeco accuratissime conuersi. Duo etiam leguntur his appositi indices: alter conclusionum, &amp; capitum summas additas, continet,alter in toto libro scitu praeclara demonstrat. Quae omnia recenti hac nostra editione, vt potuit fieri, diligentissime expolita sunt, atque elaborata</subfield>
  </datafield>
  <datafield tag="210" ind1=" " ind2=" ">
    <subfield code="a">Venetiis</subfield>
    <subfield code="c">apud haeredem Hieronymi Scoti</subfield>
    <subfield code="d">1573</subfield>
    <subfield code="e">Venetiis</subfield>
    <subfield code="g">apud haeredem Hieronymi Scoti</subfield>
    <subfield code="h">1573</subfield>
  </datafield>
  <datafield tag="215" ind1=" " ind2=" ">
    <subfield code="a">\8!, 247, \1! c.</subfield>
    <subfield code="d">8ʻ</subfield>
  </datafield>
  <datafield tag="620" ind1=" " ind2=" ">
    <subfield code="a">IT</subfield>
    <subfield code="d">Venezia</subfield>
  </datafield>
  <datafield tag="700" ind1=" " ind2="0">
    <subfield code="a">Alexander</subfield>
    <subfield code="c"> : Trallianus</subfield>
    <subfield code="3">IT\ICCU\CNCA\000599</subfield>
  </datafield>
  <datafield tag="702" ind1=" " ind2="1">
    <subfield code="a">Winther,</subfield>
    <subfield code="b">Johann</subfield>
    <subfield code="3">IT\ICCU\CNCA\008912</subfield>
  </datafield>
  <datafield tag="702" ind1=" " ind2="1">
    <subfield code="a">Al-Razi,</subfield>
    <subfield code="b">Abu Bakr Muhammad ibn Zakariyya</subfield>
    <subfield code="3">IT\ICCU\CNCA\000131</subfield>
  </datafield>
  <datafield tag="712" ind1="0" ind2="0">
    <subfield code="a">Scoto, Girolamo - erede</subfield>
    <subfield code="3">IT\ICCU\CNCT\000459</subfield>
    <subfield code="4">650</subfield>
  </datafield>
  <datafield tag="790" ind1=" " ind2="0">
    <subfield code="a">Alexander</subfield>
    <subfield code="c"> : Trallensis</subfield>
    <subfield code="3">IT\ICCU\CNCA\026817</subfield>
    <subfield code="z">Alexander : Trallianus</subfield>
  </datafield>
  <datafield tag="790" ind1=" " ind2="0">
    <subfield code="a">Alexander</subfield>
    <subfield code="c"> : von#Tralles</subfield>
    <subfield code="3">IT\ICCU\CNCA\026818</subfield>
    <subfield code="z">Alexander : Trallianus</subfield>
  </datafield>
  <datafield tag="790" ind1=" " ind2="0">
    <subfield code="a">Alexandre</subfield>
    <subfield code="c"> : de#Tralles</subfield>
    <subfield code="3">IT\ICCU\CNCA\026819</subfield>
    <subfield code="z">Alexander : Trallianus</subfield>
  </datafield>
  <datafield tag="790" ind1=" " ind2="0">
    <subfield code="a">Alexander</subfield>
    <subfield code="c"> : of#Tralles</subfield>
    <subfield code="3">IT\ICCU\CNCA\026820</subfield>
    <subfield code="z">Alexander : Trallianus</subfield>
  </datafield>
  <datafield tag="790" ind1=" " ind2="0">
    <subfield code="a">Alessandro</subfield>
    <subfield code="c"> : di#Tralle</subfield>
    <subfield code="3">IT\ICCU\CNCA\026821</subfield>
    <subfield code="z">Alexander : Trallianus</subfield>
  </datafield>
  <datafield tag="790" ind1=" " ind2="1">
    <subfield code="a">Guenther,</subfield>
    <subfield code="b">Johann</subfield>
    <subfield code="3">IT\ICCU\CNCA\014298</subfield>
    <subfield code="z">Winther, Johann</subfield>
  </datafield>
  <datafield tag="790" ind1=" " ind2="1">
    <subfield code="a">Guinterius Andernacus,</subfield>
    <subfield code="b">Joannes</subfield>
    <subfield code="3">IT\ICCU\CNCA\014310</subfield>
    <subfield code="z">Winther, Johann</subfield>
  </datafield>
  <datafield tag="790" ind1=" " ind2="1">
    <subfield code="a">Andernacus Guinterius,</subfield>
    <subfield code="b">Joannes</subfield>
    <subfield code="3">IT\ICCU\CNCA\025235</subfield>
    <subfield code="z">Winther, Johann</subfield>
  </datafield>
  <datafield tag="790" ind1=" " ind2="1">
    <subfield code="a">Guenther,</subfield>
    <subfield code="b">Johann : von#Andernach</subfield>
    <subfield code="3">IT\ICCU\CNCA\025236</subfield>
    <subfield code="z">Winther, Johann</subfield>
  </datafield>
  <datafield tag="790" ind1=" " ind2="1">
    <subfield code="a">Guinterius,</subfield>
    <subfield code="b">Joannes</subfield>
    <subfield code="3">IT\ICCU\CNCA\025240</subfield>
    <subfield code="z">Winther, Johann</subfield>
  </datafield>
  <datafield tag="790" ind1=" " ind2="0">
    <subfield code="a">Rasis</subfield>
    <subfield code="3">IT\ICCU\CNCA\014847</subfield>
    <subfield code="z">Al-Razi, Abu Bakr Muhammad ibn Zakariyya</subfield>
  </datafield>
  <datafield tag="790" ind1=" " ind2="0">
    <subfield code="a">Raza</subfield>
    <subfield code="3">IT\ICCU\CNCA\014862</subfield>
    <subfield code="z">Al-Razi, Abu Bakr Muhammad ibn Zakariyya</subfield>
  </datafield>
  <datafield tag="790" ind1=" " ind2="0">
    <subfield code="a">Rhases</subfield>
    <subfield code="3">IT\ICCU\CNCA\014871</subfield>
    <subfield code="z">Al-Razi, Abu Bakr Muhammad ibn Zakariyya</subfield>
  </datafield>
  <datafield tag="790" ind1=" " ind2="1">
    <subfield code="a">Abu Bakr Muhammad ibn Zakariyya,</subfield>
    <subfield code="b">al-Razi</subfield>
    <subfield code="3">IT\ICCU\CNCA\014872</subfield>
    <subfield code="z">Al-Razi, Abu Bakr Muhammad ibn Zakariyya</subfield>
  </datafield>
  <datafield tag="801" ind1=" " ind2="3">
    <subfield code="a">IT</subfield>
    <subfield code="b">ICCU</subfield>
    <subfield code="c">20201113</subfield>
  </datafield>
  <datafield tag="899" ind1=" " ind2=" ">
    <subfield code="a">Biblioteca comunale. Imola</subfield>
    <subfield code="1">BO0199</subfield>
    <subfield code="2">UBO BC</subfield>
  </datafield>
  <datafield tag="899" ind1=" " ind2=" ">
    <subfield code="a">Biblioteca civica. Cuneo</subfield>
    <subfield code="1">CN0037</subfield>
    <subfield code="2">TO0 50</subfield>
  </datafield>
  <datafield tag="899" ind1=" " ind2=" ">
    <subfield code="a">Biblioteca Apostolica Vaticana. Citt ̉del Vaticano</subfield>
    <subfield code="1">EX0001</subfield>
    <subfield code="2">ZCV 01</subfield>
  </datafield>
  <datafield tag="899" ind1=" " ind2=" ">
    <subfield code="a">Biblioteca nazionale centrale. Firenze</subfield>
    <subfield code="1">FI0098</subfield>
    <subfield code="2">CFI CF</subfield>
  </datafield>
  <datafield tag="899" ind1=" " ind2=" ">
    <subfield code="a">Biblioteca civica Berio. Genova</subfield>
    <subfield code="1">GE0036</subfield>
    <subfield code="2">SGE BE</subfield>
  </datafield>
  <datafield tag="899" ind1=" " ind2=" ">
    <subfield code="a">Biblioteca Labronica Francesco Domenico Guerrazzi. Livorno</subfield>
    <subfield code="1">LI0011</subfield>
    <subfield code="2">LIA FA</subfield>
  </datafield>
  <datafield tag="899" ind1=" " ind2=" ">
    <subfield code="a">Biblioteca regionale universitaria. Messina</subfield>
    <subfield code="1">ME0050</subfield>
    <subfield code="2">PAL BM</subfield>
  </datafield>
  <datafield tag="899" ind1=" " ind2=" ">
    <subfield code="a">Biblioteca nazionale Vittorio Emanuele III. Napoli</subfield>
    <subfield code="1">NA0079</subfield>
    <subfield code="2">NAP BN</subfield>
  </datafield>
  <datafield tag="899" ind1=" " ind2=" ">
    <subfield code="a">Biblioteca comunale Passerini Landi. Piacenza</subfield>
    <subfield code="1">PC0030</subfield>
    <subfield code="2">PIA PL</subfield>
  </datafield>
  <datafield tag="899" ind1=" " ind2=" ">
    <subfield code="a">Biblioteca universitaria. Padova</subfield>
    <subfield code="1">PD0158</subfield>
    <subfield code="2">PUV 00</subfield>
  </datafield>
  <datafield tag="899" ind1=" " ind2=" ">
    <subfield code="a">Biblioteca Ludovico Jacobilli del Seminario vescovile. Foligno</subfield>
    <subfield code="1">PG0040</subfield>
    <subfield code="2">UM1 39</subfield>
  </datafield>
  <datafield tag="899" ind1=" " ind2=" ">
    <subfield code="a">Biblioteca universitaria. Pisa</subfield>
    <subfield code="1">PI0112</subfield>
    <subfield code="2">PIS R1</subfield>
  </datafield>
  <datafield tag="899" ind1=" " ind2=" ">
    <subfield code="a">Biblioteca Oliveriana. Pesaro</subfield>
    <subfield code="1">PU0061</subfield>
    <subfield code="2">URB OL</subfield>
  </datafield>
  <datafield tag="899" ind1=" " ind2=" ">
    <subfield code="a">Biblioteca nazionale centrale. Roma</subfield>
    <subfield code="1">RM0267</subfield>
    <subfield code="2">BVE CR</subfield>
  </datafield>
  <datafield tag="899" ind1=" " ind2=" ">
    <subfield code="a">Biblioteca universitaria. Sassari</subfield>
    <subfield code="1">SS0073</subfield>
    <subfield code="2">CAG US</subfield>
  </datafield>
  <datafield tag="911" ind1=" " ind2=" ">
    <subfield code="a">sul front. e nel colophon</subfield>
    <subfield code="9">IT\ICCU\CNCM\000446</subfield>
  </datafield>
  <datafield tag="921" ind1=" " ind2=" ">
    <subfield code="a">IT\ICCU\CNCM\000446</subfield>
    <subfield code="b">Grifone che regge con l&apos;artiglio un globo alato. In cornice figurata</subfield>
    <subfield code="c">Z711</subfield>
    <subfield code="d">Dimensioni: 5,6 x 4,8</subfield>
    <subfield code="f">GRIFONE</subfield>
    <subfield code="f">SFERA</subfield>
    <subfield code="g">1553-1597</subfield>
  </datafield>
</record>
</collection>
